@ONLINE{ArcadeWorld,
  URL = {https://www.arcadeworlduk.com},
  DATE = {2017-03},
  TITLE = {{Arcade World UK Online Shop @OnlineSource}},
}

@ONLINE{EmulationStation,
  URL = {http://www.emulationstation.org},
  DATE = {2017-05},
  TITLE = {{Emulation Station @OnlineSource}},
}

@ONLINE{GitHub,
  URL = {https://github.com},
  DATE = {2017-05},
  TITLE = {{GitHub @OnlineSource}},
}

@ONLINE{JammaBoards,
  URL = {https://www.jammaboards.com},
  DATE = {2017-04},
  TITLE = {{Jamma Boards @OnlineSource}},
}

@ONLINE{LibRetro,
  URL = {https://www.libretro.com},
  DATE = {2017-05},
  TITLE = {{LibRetro @OnlineSource}},
}

@ONLINE{LinuxMint,
  URL = {https://www.linuxmint.com},
  DATE = {2017-05},
  TITLE = {{Linux Mint @OnlineSource}},
}

@ONLINE{OnlineOdysseyMuseum,
  URL = {http://www.magnavox-odyssey.com},
  DATE = {2017-03},
  TITLE = {{Online Odyssey Museump @OnlineSource}},
}

@ONLINE{PongGame,
  URL = {http://www.ponggame.org},
  DATE = {2017-03},
  TITLE = {{Pong Game @OnlineSource}},
}

@ONLINE{RetroArch,
  URL = {http://www.retroarch.com},
  DATE = {2017-05},
  TITLE = {{Retro Arch @OnlineSource}},
}

@ONLINE{Retropie,
  URL = {https://retropie.org.uk},
  DATE = {2017-05},
  TITLE = {{Retropie @OnlineSource}},
}

@ONLINE{SlagcoinJoystickController,
  URL = {http://www.slagcoin.com},
  DATE = {2017-04},
  TITLE = {{Slagcoin Joystick Controller @OnlineSource}},
}

@ONLINE{tom,
  URL = {https://www.tomshw.it/},
  DATE = {2017-04},
  TITLE = {{tom's Hardware @OnlineSource}},
}

@ONLINE{Ultimarc,
  URL = {https://www.ultimarc.com},
  DATE = {2017-05},
  TITLE = {{Ultimarc, Ultimate Arcade Controls @OnlineSource}},
}

@BOOK{ManualeCremonese,
  AUTHOR = {A.Liberatore and M.L.Ferrario, O. Bertazioli},
  PUBLISHER = {Zanichelli},
  DATE = {2015-03},
  TITLE = {Manuale Cremonese INFORMATICA e TELECOMUNICAZIONI @Manual},
}
